@article{zemblys2018gazeNet,
  title   = {gazeNet: End-to-end eye-movement event detection with deep neural networks},
  author  = {Zemblys, Raimondas and Niehorster, Diederick C and Holmqvist, Kenneth},
  journal = {Behavior research methods},
  year    = {2018}
}

@article{deep_speech_2,
  title = {Deep Speech 2: End-to-End Speech Recognition in English and Mandarin},
  author = {Dario Amodei and Rishita Anubhai and Eric Battenberg},
  journal = {Proceedings of Machine Learning Research},
  year = {2015}
}

@article{Hoppe2016EndtoEndEM,
  title={End-to-End Eye Movement Detection Using Convolutional Neural Networks},
  author={Sabrina Hoppe and Andreas Bulling},
  journal={ArXiv},
  year={2016},
  volume={abs/1609.02452},
  url={https://api.semanticscholar.org/CorpusID:5938282}
}